[gd_scene load_steps=25 format=3 uid="uid://bnu2sncoehb2j"]

[ext_resource type="FontFile" uid="uid://dojo02j0ynm4x" path="res://addons/nframework/assets/fonts/saint11/Minimal4.ttf" id="1_1q73x"]
[ext_resource type="FontFile" uid="uid://6pm2sop67bkq" path="res://addons/nframework/assets/fonts/saint11/Minimal5.ttf" id="2_e70l7"]
[ext_resource type="FontFile" uid="uid://7y1i206r2nlq" path="res://addons/nframework/assets/fonts/cg_pixel/CG pixel 3x5 mono.ttf" id="3_ber5q"]
[ext_resource type="FontFile" uid="uid://dmwi8h8dhn5l3" path="res://addons/nframework/assets/fonts/pico-8.ttf" id="4_0qp6y"]
[ext_resource type="FontFile" uid="uid://drtpdglt7t3tu" path="res://addons/nframework/assets/fonts/04b_03.ttf" id="4_mikts"]
[ext_resource type="FontFile" uid="uid://c8sftvy7l77o8" path="res://addons/nframework/assets/fonts/kenney/Kenney Mini.ttf" id="6_65kax"]
[ext_resource type="FontFile" uid="uid://drhnj45ygm405" path="res://addons/nframework/assets/fonts/saint11/Monocons.ttf" id="7_eqara"]
[ext_resource type="FontFile" uid="uid://b6q0k32alm0y" path="res://addons/nframework/assets/fonts/kenney/Kenney Mini Square.ttf" id="7_g7s2p"]
[ext_resource type="FontFile" uid="uid://b8dx4fimy88il" path="res://addons/nframework/assets/fonts/cg_pixel/CG pixel 4x5 mono.ttf" id="8_4ahhc"]
[ext_resource type="FontFile" uid="uid://bc30vvn15erw" path="res://addons/nframework/assets/fonts/gravity/GravityRegular5.ttf" id="10_0323r"]
[ext_resource type="FontFile" uid="uid://buuix474naqa1" path="res://addons/nframework/assets/fonts/managore/m3x6.ttf" id="12_mu41v"]
[ext_resource type="FontFile" uid="uid://tgm5doj03gk0" path="res://addons/nframework/assets/fonts/AsepriteFont.ttf" id="13_haaxj"]
[ext_resource type="FontFile" uid="uid://f8uhm11mcp8p" path="res://addons/nframework/assets/fonts/pixellocale-v-1-4.ttf" id="14_btsdy"]
[ext_resource type="FontFile" uid="uid://dbchf66iv2kxf" path="res://addons/nframework/assets/fonts/kenney/Kenney Pixel.ttf" id="15_sv7pu"]
[ext_resource type="FontFile" uid="uid://cj8xrril5jyr6" path="res://addons/nframework/assets/fonts/kenney/Kenney Pixel Square.ttf" id="16_7l7w8"]
[ext_resource type="FontFile" uid="uid://xqyopxx5kn35" path="res://addons/nframework/assets/fonts/managore/m5x7.ttf" id="17_umxh1"]
[ext_resource type="FontFile" uid="uid://b8pjpy0ipw3mx" path="res://addons/nframework/assets/fonts/monogram/monogram.ttf" id="18_6uh38"]
[ext_resource type="FontFile" uid="uid://bxx3p1uffgm4k" path="res://addons/nframework/assets/fonts/dogica/dogicapixel.ttf" id="19_44vqk"]
[ext_resource type="FontFile" uid="uid://i4friv5k5ob1" path="res://addons/nframework/assets/fonts/dogica/dogica.ttf" id="21_fflhc"]
[ext_resource type="FontFile" uid="uid://cu3asxdwwtjti" path="res://addons/nframework/assets/fonts/Silver.ttf" id="22_xq6nf"]
[ext_resource type="FontFile" uid="uid://c5ojomq3e1c63" path="res://addons/nframework/assets/fonts/managore/m6x11.ttf" id="23_e35nh"]
[ext_resource type="FontFile" uid="uid://ls80o2crgfi1" path="res://addons/nframework/assets/fonts/gravity/GravityBold8.ttf" id="24_4be6c"]
[ext_resource type="FontFile" uid="uid://bn743pcqrklyx" path="res://addons/nframework/assets/fonts/abaddon/Abaddon Light.ttf" id="25_pl1rd"]
[ext_resource type="FontFile" uid="uid://bjb773lgj5vlc" path="res://addons/nframework/assets/fonts/abaddon/Abaddon Bold.ttf" id="26_mgm2y"]

[node name="FontTest" type="Control"]
layout_mode = 3
anchors_preset = 15
anchor_right = 1.0
anchor_bottom = 1.0
grow_horizontal = 2
grow_vertical = 2

[node name="ScrollContainer" type="ScrollContainer" parent="."]
layout_mode = 1
anchors_preset = 15
anchor_right = 1.0
anchor_bottom = 1.0
offset_bottom = 290.0
grow_horizontal = 2
grow_vertical = 2

[node name="VBoxContainer" type="VBoxContainer" parent="ScrollContainer"]
layout_mode = 2

[node name="3x4" type="HSeparator" parent="ScrollContainer/VBoxContainer"]
layout_mode = 2

[node name="minimal 4" type="Label" parent="ScrollContainer/VBoxContainer"]
layout_mode = 2
theme_override_fonts/font = ExtResource("1_1q73x")
theme_override_font_sizes/font_size = 16
text = "(c) 2014-16 lexaloffle games llp"

[node name="3x5" type="HSeparator" parent="ScrollContainer/VBoxContainer"]
layout_mode = 2

[node name="minimal 5" type="Label" parent="ScrollContainer/VBoxContainer"]
layout_mode = 2
theme_override_fonts/font = ExtResource("2_e70l7")
theme_override_font_sizes/font_size = 16
text = "(c) 2014-16 lexaloffle games llp"

[node name="cg pixel 3x5 mono" type="Label" parent="ScrollContainer/VBoxContainer"]
layout_mode = 2
theme_override_fonts/font = ExtResource("3_ber5q")
theme_override_font_sizes/font_size = 5
text = "(c) 2014-16 lexaloffle games llp"

[node name="pico8" type="Label" parent="ScrollContainer/VBoxContainer"]
layout_mode = 2
theme_override_fonts/font = ExtResource("4_0qp6y")
theme_override_font_sizes/font_size = 6
text = "(c) 2014-16 lexaloffle games llp"

[node name="4x5" type="HSeparator" parent="ScrollContainer/VBoxContainer"]
layout_mode = 2

[node name="04b_03" type="Label" parent="ScrollContainer/VBoxContainer"]
layout_mode = 2
theme_override_fonts/font = ExtResource("4_mikts")
theme_override_font_sizes/font_size = 8
text = "(c) 2014-16 lexaloffle games llp"

[node name="kenney mini" type="Label" parent="ScrollContainer/VBoxContainer"]
layout_mode = 2
theme_override_fonts/font = ExtResource("6_65kax")
theme_override_font_sizes/font_size = 8
text = "(c) 2014-16 lexaloffle games llp"

[node name="kenney mini square" type="Label" parent="ScrollContainer/VBoxContainer"]
layout_mode = 2
theme_override_fonts/font = ExtResource("7_g7s2p")
theme_override_font_sizes/font_size = 8
text = "(c) 2014-16 lexaloffle games llp"

[node name="cg pixel 4x5 mono" type="Label" parent="ScrollContainer/VBoxContainer"]
layout_mode = 2
theme_override_fonts/font = ExtResource("8_4ahhc")
theme_override_font_sizes/font_size = 5
text = "(c) 2014-16 lexaloffle games llp"

[node name="5x5" type="HSeparator" parent="ScrollContainer/VBoxContainer"]
layout_mode = 2

[node name="gravity regular" type="Label" parent="ScrollContainer/VBoxContainer"]
layout_mode = 2
theme_override_fonts/font = ExtResource("10_0323r")
theme_override_font_sizes/font_size = 5
text = "(c) 2014-16 lexaloffle games llp"

[node name="3x6" type="HSeparator" parent="ScrollContainer/VBoxContainer"]
layout_mode = 2

[node name="m3x6" type="Label" parent="ScrollContainer/VBoxContainer"]
layout_mode = 2
theme_override_fonts/font = ExtResource("12_mu41v")
theme_override_font_sizes/font_size = 16
text = "(c) 2014-16 lexaloffle games llp"

[node name="4x6" type="HSeparator" parent="ScrollContainer/VBoxContainer"]
layout_mode = 2

[node name="aseprite" type="Label" parent="ScrollContainer/VBoxContainer"]
layout_mode = 2
theme_override_fonts/font = ExtResource("13_haaxj")
theme_override_font_sizes/font_size = 16
text = "(c) 2014-16 lexaloffle games llp"

[node name="5x7" type="HSeparator" parent="ScrollContainer/VBoxContainer"]
layout_mode = 2

[node name="kenney pixel" type="Label" parent="ScrollContainer/VBoxContainer"]
layout_mode = 2
theme_override_fonts/font = ExtResource("15_sv7pu")
theme_override_font_sizes/font_size = 16
text = "(c) 2014-16 lexaloffle games llp"

[node name="kenney pixel square" type="Label" parent="ScrollContainer/VBoxContainer"]
layout_mode = 2
theme_override_fonts/font = ExtResource("16_7l7w8")
theme_override_font_sizes/font_size = 8
text = "(c) 2014-16 lexaloffle games llp"

[node name="m5x7" type="Label" parent="ScrollContainer/VBoxContainer"]
layout_mode = 2
theme_override_fonts/font = ExtResource("17_umxh1")
theme_override_font_sizes/font_size = 16
text = "(c) 2014-16 lexaloffle games llp"

[node name="monogram" type="Label" parent="ScrollContainer/VBoxContainer"]
layout_mode = 2
theme_override_fonts/font = ExtResource("18_6uh38")
theme_override_font_sizes/font_size = 16
text = "(c) 2014-16 lexaloffle games llp"

[node name="dogica pixel" type="Label" parent="ScrollContainer/VBoxContainer"]
layout_mode = 2
theme_override_fonts/font = ExtResource("19_44vqk")
theme_override_font_sizes/font_size = 8
text = "(c) 2014-16 lexaloffle games llp"

[node name="dogica" type="Label" parent="ScrollContainer/VBoxContainer"]
layout_mode = 2
theme_override_fonts/font = ExtResource("21_fflhc")
theme_override_font_sizes/font_size = 8
text = "(c) 2014-16 lexaloffle games llp"

[node name="monocons" type="Label" parent="ScrollContainer/VBoxContainer"]
layout_mode = 2
theme_override_fonts/font = ExtResource("7_eqara")
theme_override_font_sizes/font_size = 8
text = "(c) 2014-16 lexaloffle games llp"

[node name="5x8" type="HSeparator" parent="ScrollContainer/VBoxContainer"]
layout_mode = 2

[node name="silver" type="Label" parent="ScrollContainer/VBoxContainer"]
layout_mode = 2
theme_override_constants/line_spacing = 0
theme_override_fonts/font = ExtResource("22_xq6nf")
theme_override_font_sizes/font_size = 19
text = "(c) 2014-16 lexaloffle games llp"

[node name="large" type="HSeparator" parent="ScrollContainer/VBoxContainer"]
layout_mode = 2

[node name="m6x11" type="Label" parent="ScrollContainer/VBoxContainer"]
layout_mode = 2
theme_override_fonts/font = ExtResource("23_e35nh")
theme_override_font_sizes/font_size = 16
text = "(c) 2014-16 lexaloffle games llp"

[node name="gravity bold" type="Label" parent="ScrollContainer/VBoxContainer"]
layout_mode = 2
theme_override_fonts/font = ExtResource("24_4be6c")
theme_override_font_sizes/font_size = 8
text = "(c) 2014-16 lexaloffle games llp"

[node name="abaddon" type="Label" parent="ScrollContainer/VBoxContainer"]
layout_mode = 2
theme_override_fonts/font = ExtResource("25_pl1rd")
theme_override_font_sizes/font_size = 16
text = "(c) 2014-16 lexaloffle games llp"

[node name="abaddon bold" type="Label" parent="ScrollContainer/VBoxContainer"]
layout_mode = 2
theme_override_fonts/font = ExtResource("26_mgm2y")
theme_override_font_sizes/font_size = 16
text = "(c) 2014-16 lexaloffle games llp"

[node name="pixellocale" type="Label" parent="ScrollContainer/VBoxContainer"]
layout_mode = 2
theme_override_fonts/font = ExtResource("14_btsdy")
theme_override_font_sizes/font_size = 18
text = "(c) 2014-16 lexaloffle games llp"
