[gd_scene load_steps=14 format=3 uid="uid://ca50lpcyp2wjy"]

[ext_resource type="Script" path="res://game/enemy.gd" id="1_r1dqp"]
[ext_resource type="Texture2D" uid="uid://c6xl5mtx8dn0m" path="res://assets/aseprite/char.png" id="2_7fi3f"]
[ext_resource type="Material" uid="uid://ddfky8807gy3t" path="res://assets/shaders/flash_material.tres" id="2_h7tws"]
[ext_resource type="Texture2D" uid="uid://c5ilwaw8jglfq" path="res://assets/aseprite/enemy-walk.png" id="4_k20iy"]
[ext_resource type="Texture2D" uid="uid://rlvw41tn0jci" path="res://assets/aseprite/sword.png" id="6_x6w6n"]

[sub_resource type="Animation" id="Animation_bbcnf"]
length = 0.001
tracks/0/type = "value"
tracks/0/imported = false
tracks/0/enabled = true
tracks/0/path = NodePath("Flip/SwordLookAt/SwordPivot:rotation")
tracks/0/interp = 1
tracks/0/loop_wrap = true
tracks/0/keys = {
"times": PackedFloat32Array(0),
"transitions": PackedFloat32Array(1),
"update": 0,
"values": [0.0]
}

[sub_resource type="Animation" id="Animation_pqea1"]
resource_name = "into_attack_stance"
length = 0.2
tracks/0/type = "value"
tracks/0/imported = false
tracks/0/enabled = true
tracks/0/path = NodePath("Flip/SwordLookAt/SwordPivot:rotation")
tracks/0/interp = 1
tracks/0/loop_wrap = true
tracks/0/keys = {
"times": PackedFloat32Array(0, 0.2),
"transitions": PackedFloat32Array(1, 1),
"update": 0,
"values": [0.0, 1.5708]
}

[sub_resource type="AnimationLibrary" id="AnimationLibrary_0emqw"]
_data = {
"RESET": SubResource("Animation_bbcnf"),
"into_attack_stance": SubResource("Animation_pqea1")
}

[sub_resource type="AtlasTexture" id="AtlasTexture_n715u"]
atlas = ExtResource("4_k20iy")
region = Rect2(0, 0, 8, 8)

[sub_resource type="AtlasTexture" id="AtlasTexture_0g24g"]
atlas = ExtResource("4_k20iy")
region = Rect2(8, 0, 8, 8)

[sub_resource type="AtlasTexture" id="AtlasTexture_oh8gm"]
atlas = ExtResource("4_k20iy")
region = Rect2(16, 0, 8, 8)

[sub_resource type="SpriteFrames" id="SpriteFrames_mi0yf"]
animations = [{
"frames": [{
"duration": 1.0,
"texture": ExtResource("2_7fi3f")
}],
"loop": true,
"name": &"idle",
"speed": 4.0
}, {
"frames": [{
"duration": 1.0,
"texture": SubResource("AtlasTexture_n715u")
}, {
"duration": 1.0,
"texture": SubResource("AtlasTexture_0g24g")
}, {
"duration": 1.0,
"texture": SubResource("AtlasTexture_oh8gm")
}],
"loop": true,
"name": &"walk",
"speed": 4.0
}]

[sub_resource type="CapsuleShape2D" id="CapsuleShape2D_ci7ce"]
radius = 4.0
height = 10.0

[node name="Enemy" type="CharacterBody2D" groups=["enemy"]]
scale = Vector2(6, 6)
collision_layer = 2
collision_mask = 9
script = ExtResource("1_r1dqp")

[node name="Flip" type="Node2D" parent="."]
unique_name_in_owner = true
scale = Vector2(-1, 1)

[node name="AnimationPlayer" type="AnimationPlayer" parent="Flip"]
unique_name_in_owner = true
root_node = NodePath("../..")
libraries = {
"": SubResource("AnimationLibrary_0emqw")
}

[node name="AnimatedSprite2D" type="AnimatedSprite2D" parent="Flip"]
unique_name_in_owner = true
material = ExtResource("2_h7tws")
sprite_frames = SubResource("SpriteFrames_mi0yf")
animation = &"idle"

[node name="RayCast2D" type="RayCast2D" parent="Flip"]
unique_name_in_owner = true
target_position = Vector2(10, 0)

[node name="SwordLookAt" type="Node2D" parent="Flip"]
unique_name_in_owner = true
position = Vector2(3, 1)

[node name="SwordPivot" type="Node2D" parent="Flip/SwordLookAt"]
unique_name_in_owner = true

[node name="Sword" type="Sprite2D" parent="Flip/SwordLookAt/SwordPivot"]
unique_name_in_owner = true
texture = ExtResource("6_x6w6n")
offset = Vector2(0, -1)

[node name="CollisionShape2D" type="CollisionShape2D" parent="."]
shape = SubResource("CapsuleShape2D_ci7ce")
debug_color = Color(0.654902, 0.517647, 0, 0.419608)
