[gd_resource type="Theme" load_steps=24 format=3 uid="uid://d36tpfe1las34"]

[ext_resource type="StyleBox" uid="uid://cegww25bb1qq2" path="res://addons/nframework/assets/themes/lowres_tex/button-focus-stylebox.tres" id="2"]
[ext_resource type="StyleBox" uid="uid://csg1ccy68qd1g" path="res://addons/nframework/assets/themes/lowres_tex/scroll-stylebox.tres" id="3"]
[ext_resource type="StyleBox" uid="uid://bpynhmh7q6cu4" path="res://addons/nframework/assets/themes/lowres_tex/scroll-grabber-stylebox.tres" id="4"]
[ext_resource type="StyleBox" uid="uid://nss8gjcn2a8s" path="res://addons/nframework/assets/themes/lowres_tex/scroll-grabber-hl-stylebox.tres" id="5"]
[ext_resource type="StyleBox" uid="uid://pvb6k3kayspj" path="res://addons/nframework/assets/themes/lowres_tex/button-hover-stylebox.tres" id="6"]
[ext_resource type="StyleBox" uid="uid://ctljcbba5igfg" path="res://addons/nframework/assets/themes/lowres_tex/button-pressed-stylebox.tres" id="7"]
[ext_resource type="StyleBox" uid="uid://cm3amg4bdy7ep" path="res://addons/nframework/assets/themes/lowres_tex/container-stylebox.tres" id="8"]
[ext_resource type="Texture2D" path="res://addons/nframework/assets/themes/lowres_tex/checkbutton-off.tres" id="9"]
[ext_resource type="Texture2D" path="res://addons/nframework/assets/themes/lowres_tex/checkbutton-focus.tres" id="10"]
[ext_resource type="Texture2D" path="res://addons/nframework/assets/themes/lowres_tex/checkbutton-on.tres" id="11"]
[ext_resource type="Texture2D" path="res://addons/nframework/assets/themes/lowres_tex/slider-grabber.tres" id="12"]
[ext_resource type="Texture2D" path="res://addons/nframework/assets/themes/lowres_tex/slider-grabber-hl.tres" id="13"]
[ext_resource type="StyleBox" uid="uid://ttfuwsjncvrv" path="res://addons/nframework/assets/themes/lowres_tex/button-disabled-stylebox.tres" id="14"]
[ext_resource type="FontFile" uid="uid://xqyopxx5kn35" path="res://addons/nframework/assets/fonts/managore/m5x7.ttf" id="14_cwgmn"]

[sub_resource type="StyleBoxEmpty" id="1"]

[sub_resource type="StyleBoxTexture" id="2"]
texture = ExtResource("10")
expand_margin_left = 4.0
expand_margin_top = 2.0
expand_margin_right = 4.0
expand_margin_bottom = 2.0
region_rect = Rect2(0, 0, 12, 12)

[sub_resource type="StyleBoxEmpty" id="3"]

[sub_resource type="StyleBoxEmpty" id="4"]

[sub_resource type="StyleBoxEmpty" id="5"]

[sub_resource type="StyleBoxEmpty" id="6"]

[sub_resource type="StyleBoxEmpty" id="7"]

[sub_resource type="StyleBoxEmpty" id="8"]

[sub_resource type="StyleBoxFlat" id="9"]
bg_color = Color(0.133333, 0.133333, 0.133333, 1)

[resource]
default_font = ExtResource("14_cwgmn")
default_font_size = 32
Button/styles/disabled = ExtResource("14")
Button/styles/focus = ExtResource("2")
Button/styles/hover = ExtResource("6")
Button/styles/normal = ExtResource("8")
Button/styles/pressed = ExtResource("7")
CheckButton/icons/off = ExtResource("9")
CheckButton/icons/off_disabled = null
CheckButton/icons/on = ExtResource("11")
CheckButton/icons/on_disabled = null
CheckButton/styles/disabled = SubResource("1")
CheckButton/styles/focus = SubResource("2")
CheckButton/styles/hover = SubResource("3")
CheckButton/styles/hover_pressed = SubResource("4")
CheckButton/styles/normal = SubResource("5")
CheckButton/styles/pressed = SubResource("6")
HSlider/icons/grabber = ExtResource("12")
HSlider/icons/grabber_disabled = null
HSlider/icons/grabber_highlight = ExtResource("13")
HSlider/icons/tick = null
HSlider/styles/grabber_area = SubResource("7")
HSlider/styles/grabber_area_highlight = SubResource("8")
HSlider/styles/slider = ExtResource("3")
Panel/styles/panel = SubResource("9")
PanelContainer/styles/panel = ExtResource("8")
VScrollBar/styles/grabber = ExtResource("4")
VScrollBar/styles/grabber_highlight = ExtResource("5")
VScrollBar/styles/grabber_pressed = ExtResource("5")
VScrollBar/styles/scroll = ExtResource("3")
VScrollBar/styles/scroll_focus = ExtResource("3")
