[gd_scene load_steps=6 format=3 uid="uid://b0bqvms1s6kk1"]

[ext_resource type="Script" path="res://addons/nframework/scenes/leaderboard/leaderboard.gd" id="1"]
[ext_resource type="PackedScene" path="res://addons/nframework/scenes/leaderboard/score_entry.tscn" id="2"]
[ext_resource type="Theme" uid="uid://d36tpfe1las34" path="res://addons/nframework/assets/themes/lowres_tex.tres" id="3"]
[ext_resource type="LabelSettings" uid="uid://5488khmupd4h" path="res://addons/nframework/assets/themes/labels/title.tres" id="3_b6tjr"]
[ext_resource type="LabelSettings" uid="uid://bhb0ji1i8n602" path="res://addons/nframework/assets/themes/labels/title_2xl.tres" id="5_ce1qt"]

[node name="Leaderboard" type="Control"]
layout_mode = 3
anchors_preset = 15
anchor_right = 1.0
anchor_bottom = 1.0
grow_horizontal = 2
grow_vertical = 2
theme = ExtResource("3")
script = ExtResource("1")

[node name="GridContainer" type="GridContainer" parent="."]
visible = false
layout_mode = 0
anchor_right = 1.0
anchor_bottom = 1.0
columns = 3

[node name="Board" type="VBoxContainer" parent="."]
layout_mode = 0
anchor_right = 1.0
anchor_bottom = 1.0
offset_left = 142.0
offset_top = 44.0
offset_right = -142.0
offset_bottom = -44.0
size_flags_horizontal = 3
size_flags_vertical = 3

[node name="Title" type="Label" parent="Board"]
layout_mode = 2
text = "Leaderboard"
label_settings = ExtResource("3_b6tjr")
horizontal_alignment = 1

[node name="VBoxContainer" type="VBoxContainer" parent="Board"]
layout_mode = 2
size_flags_horizontal = 3
size_flags_vertical = 3

[node name="ScoreEntryTitle" parent="Board/VBoxContainer" instance=ExtResource("2")]
layout_mode = 2

[node name="HSeparator" type="HSeparator" parent="Board/VBoxContainer"]
layout_mode = 2

[node name="ScrollContainer" type="ScrollContainer" parent="Board/VBoxContainer"]
layout_mode = 2
size_flags_horizontal = 3
size_flags_vertical = 3

[node name="ScoresTable" type="VBoxContainer" parent="Board/VBoxContainer/ScrollContainer"]
unique_name_in_owner = true
layout_mode = 2
size_flags_horizontal = 3
size_flags_vertical = 3

[node name="HBoxContainer" type="HBoxContainer" parent="Board"]
layout_mode = 2
size_flags_horizontal = 4

[node name="Game" type="Button" parent="Board/HBoxContainer"]
layout_mode = 2
size_flags_horizontal = 4
size_flags_vertical = 8
text = "restart"

[node name="Menu" type="Button" parent="Board/HBoxContainer"]
layout_mode = 2
size_flags_horizontal = 4
size_flags_vertical = 8
text = "main menu"

[node name="Loading" type="Label" parent="."]
unique_name_in_owner = true
layout_mode = 1
anchors_preset = 8
anchor_left = 0.5
anchor_top = 0.5
anchor_right = 0.5
anchor_bottom = 0.5
offset_left = -37.0
offset_top = -8.0
offset_right = 37.0
offset_bottom = 8.0
grow_horizontal = 2
grow_vertical = 2
text = "Loading..."
label_settings = ExtResource("5_ce1qt")
horizontal_alignment = 1

[connection signal="pressed" from="Board/HBoxContainer/Game" to="." method="_on_restart_pressed"]
[connection signal="pressed" from="Board/HBoxContainer/Menu" to="." method="_on_menu_pressed"]
